@misc{DISPdesc,
  title = {Description | Décision et Information pour les Systèmes de Production},
  url = {https://www.disp-lab.fr/fr/node/2},
  urldate = {2023-06-18},
  organization = {www.disp-lab.fr}
}
@misc{atlassianMicroservicesArchitecture,
	author = {Atlassian},
	title = {{M}icroservices et architecture monolithique | {A}tlassian --- atlassian.com},
	howpublished = {\url{https://www.atlassian.com/fr/microservices/microservices-architecture/microservices-vs-monolith}},
	year = {},
	note = {[Accessed 19-Jun-2023]},
}
@misc{mediumArchitectureComparison,
	author = {Mehmet Ozkaya},
	title = {{A}rchitecture {C}omparison: {M}onolithic vs {M}icroservices --- medium.com},
	howpublished = {\url{https://medium.com/design-microservices-architecture-with-patterns/architecture-comparison-monolithic-vs-microservices-4109265c4806}},
	year = {},
	note = {[Accessed 19-Jun-2023]},
}
@misc{amazonQuestceConteneurisation,
	author = {},
	title = {{Q}u'est-ce que la conteneurisation ? – {L}a conteneurisation expliquée – {A}{W}{S} --- aws.amazon.com},
	howpublished = {\url{https://aws.amazon.com/fr/what-is/containerization/}},
	year = {},
	note = {[Accessed 19-Jun-2023]},
}
@misc{ibmDeveloper,
	author = {},
	title = {{I}{B}{M} {D}eveloper --- developer.ibm.com},
	howpublished = {\url{https://developer.ibm.com/articles/why-should-we-use-microservices-and-containers/}},
	year = {},
	note = {[Accessed 19-Jun-2023]},
}
@misc{ibmBenefitsKubernetes,
	author = {},
	title = {{T}op 7 {B}enefits of {K}ubernetes --- ibm.com},
	howpublished = {\url{https://www.ibm.com/cloud/blog/top-7-benefits-of-kubernetes}},
	year = {},
	note = {[Accessed 19-Jun-2023]},
}
@MISC{VMWare_2022,
  title        = "What is container orchestration?",
  booktitle    = "{VMware}",
  abstract     = "Container orchestration is the automation of much of the
                  operational effort required to run containerized workloads
                  and services.",
  month        =  sep,
  year         =  2022,
  howpublished = "\url{https://www.vmware.com/topics/glossary/content/container-orchestration.html}",
  note         = "Accessed: 2023-6-19",
  language     = "en"
}
@misc{trioDevelopment2023,
	author = {},
	title = {{W}eb {A}pp {D}evelopment in 2023: {E}verything {Y}ou {N}eed to {K}now - {T}rio  --- trio.dev},
	howpublished = {\url{https://www.trio.dev/blog/web-app-development}},
	year = {},
	note = {[Accessed 20-Jun-2023]},
}
@misc{madewithreactjsReactDashboard,
	author = {},
	title = {{R}eact {D}ashboard {G}uide - {T}utorial & {D}emo {D}ashboard {A}pp - {M}ade with {R}eact.js --- madewithreactjs.com},
	howpublished = {\url{https://madewithreactjs.com/react-dashboard-guide}},
	year = {},
	note = {[Accessed 20-Jun-2023]},
}
@misc{stackoverflowStackOverflow,
	author = {},
	title = {{S}tack {O}verflow {D}eveloper {S}urvey 2023 --- survey.stackoverflow.co},
	howpublished = {\url{https://survey.stackoverflow.co/2023/\#technology-most-popular-technologies}},
	year = {},
	note = {[Accessed 20-Jun-2023]},
}
@misc{webFrameworks,
	author = {},
	title = {{S}tack {O}verflow {D}eveloper {S}urvey 2023 --- survey.stackoverflow.co},
	howpublished = {\url{https://survey.stackoverflow.co/2023/\#section-admired-and-desired-web-frameworks-and-technologies}},
	year = {},
	note = {[Accessed 20-Jun-2023]},
}
@misc{stackoverflowChart,
	author = {},
	title = {{S}tack {O}verflow --- insights.stackoverflow.com},
	howpublished = {\url{https://insights.stackoverflow.com/trends?tags=reactjs\%2Cvue.js\%2Cangular\%2Csvelte\%2Cangularjs\%2Cvuejs3}},
	year = {},
	note = {[Accessed 20-Jun-2023]},
}
@misc{bocasayDveloppementQuestce,
	author = {},
	title = {{D}éveloppement web : qu'est-ce que {R}eact.{J}{S} et pourquoi le choisir ? --- bocasay.com},
	howpublished = {\url{https://www.bocasay.com/fr/avantages-reactjs-developpement-web/}},
	year = {},
	note = {[Accessed 20-Jun-2023]},
}
@misc{devTypeScriptBetter,
	author = {},
	title = {{W}hy {T}ype{S}cript is the better {J}ava{S}cript --- dev.to},
	howpublished = {\url{https://dev.to/typescripttv/why-typescript-is-the-better-javascript-f5p}},
	year = {},
	note = {[Accessed 20-Jun-2023]},
}
@misc{geeksforgeeksReasonsShould,
	author = {},
	title = {8 {R}easons {W}hy {Y}ou {S}hould {P}ick {T}ype{S}cript {O}ver {J}ava{S}cript - {G}eeksfor{G}eeks --- geeksforgeeks.org},
	howpublished = {\url{https://www.geeksforgeeks.org/8-reasons-why-you-should-pick-typescript-over-javascript/}},
	year = {},
	note = {[Accessed 20-Jun-2023]},
}
@misc{muiMantisFree,
	author = {},
	title = {{M}antis {F}ree - {R}eact {A}dmin {D}ashboard {T}emplate - {M}{U}{I} {S}tore --- mui.com},
	howpublished = {\url{https://mui.com/store/previews/mantis-free-react-admin-dashboard-template/}},
	year = {},
	note = {[Accessed 20-Jun-2023]},
}
@misc{lightningchartWorldsFastest,
	author = {},
	title = {{W}orld's {F}astest & {H}igh-{P}erformance {C}harts for {J}{S} and .{N}{E}{T} --- lightningchart.com},
	howpublished = {\url{https://lightningchart.com/}},
	year = {},
	note = {[Accessed 20-Jun-2023]},
}
@misc{ablyWhatWebSockets,
	author = {},
	title = {{W}hat are {W}eb{S}ockets used for? | {A}bly {R}ealtime --- ably.com},
	howpublished = {\url{https://ably.com/topic/what-are-websockets-used-for}},
	year = {},
	note = {[Accessed 20-Jun-2023]},
}
@misc{d3jsObservableJavaScript,
	author = {},
	title = {{D}3 by {O}bservable | {T}he {J}ava{S}cript library for bespoke data visualization --- d3js.org},
	howpublished = {\url{https://d3js.org/}},
	year = {},
	note = {[Accessed 20-Jun-2023]},
}
@misc{chartjsChartjs,
	author = {},
	title = {{C}hart.js --- chartjs.org},
	howpublished = {\url{https://www.chartjs.org/}},
	year = {},
	note = {[Accessed 20-Jun-2023]},
}
@misc{nagixChartjspluginstreamingDocumentation,
	author = {},
	title = {chartjs-plugin-streaming | {D}ocumentation --- nagix.github.io},
	howpublished = {\url{https://nagix.github.io/chartjs-plugin-streaming/}},
	year = {},
	note = {[Accessed 20-Jun-2023]},
}
@misc{chartjsChartjspluginzoom,
	author = {},
	title = {chartjs-plugin-zoom --- chartjs.org},
	howpublished = {\url{https://www.chartjs.org/chartjs-plugin-zoom/latest/}},
	year = {},
	note = {[Accessed 20-Jun-2023]},
}